@BOOK {bossavit_computational,
AUTHOR = {A. Bossavit},
TITLE = {{Computational Electromagnetism~-- Variational Formulations, Complementarity, Edge Elements}},
PUBLISHER = {Academic Press},
ADDRESS = {Boston},
YEAR = {1998},
URL = {\url{http://www.lgep.supelec.fr/mse/perso/ab/bossavit.html}}
}

@BOOK { taflove_computational,
AUTHOR = {A. Taflove},
TITLE = {{Computational Electrodynamics: the Finite-Dif\-feren\-ce Time-\-Domain Method}},
PUBLISHER = {Arthec House},
ADDRESS = {Norwood},
YEAR = {2000}
}

@BOOK { taflove_advances,
AUTHOR = {A. Taflove},
TITLE = {{Advances in Computational Electrodynamics: the Finite-Dif\-feren\-ce Time-Domain Method}},
PUBLISHER = {Arthec House},
ADDRESS = {Norwood},
YEAR = {1998}
}

@BOOK { someda_electromagnetic,
AUTHOR = {C.~G. Someda},
TITLE = {{Electromagnetic Waves}},
PUBLISHER = {Chapman \& Hall},
ADDRESS = {London},
YEAR = {1998}
}

@BOOK { coxeter_barycentric,
AUTHOR = {H.~S.~M. Coxeter},
TITLE = {{Introduction to Geometry}},
PUBLISHER = {John Wiley \& Sons},
ADDRESS = {New York},
YEAR = {1969}
}

@BOOK { barrett_templates,
AUTHOR = {R. Barrett and M. Berry and T. F. Chan and J. Demmet and J. Donato and J. Dongarra and  V. Eijkhout and R. Pozo and C. Romine and H. Van der Vorst},
TITLE = {{Templates for the Solution of Linear Systems: Building Blocks for Iterative Methods}},
PUBLISHER = {SIAM},
ADDRESS = {Philadelphia, PA},
YEAR = {1994},
NOTE = {\url{http://www.netlib.org/templates/Templates.html}}
}

@BOOK { saad_iterative,
AUTHOR = {Y. Saad},
TITLE = {{Iterative Methods for Sparse Linear Systems}},
PUBLISHER = {SIAM},
YEAR = {2000},
NOTE = {\url{http://www-users.cs.umn.edu/~saad/books.html}}
}

@BOOK { jackson_classical,
AUTHOR = {J.~D. Jackson},
TITLE = {{Classical Electrodynamics}},
EDITION = {3rd},
PUBLISHER = {John Wiley \& Sons},
YEAR = {1999}
}

@BOOK { johnson_photonic,
AUTHOR = {S.~G. Johnson and J.~D. Joannopoulos},
TITLE = {{Photonic Crystals: the road from theory to practice}},
PUBLISHER = {Kluwer Academic Press},
YEAR = {2000}
}

@BOOK { kittel_solid,
AUTHOR = {C. Kittel},
TITLE = {{Introduction to Solid State Physics}},
EDITION = {7th},
PUBLISHER = {John Wiley \& Sons},
ADDRESS = {New York},
YEAR = {1995}
}

@BOOK { maxwell_treatise,
AUTHOR = {J.~C. Maxwell},
TITLE = {{Treatise on Electricity and Magnetism}},
EDITION = {3rd},
PUBLISHER = {Dover},
ADDRESS = {New York},
YEAR = {1954}
}

@BOOK { lao_tzu,
AUTHOR = {Lao-tzu},
TITLE = {{Tao t\^e ching}},
EDITION = {6th},
PUBLISHER = {Adelphi},
ADDRESS = {Milano},
YEAR = {2003}
}

@BOOK { jin_finite,
AUTHOR = {Jianming Jin},
TITLE = {{The Finite Element Method in Electromagnetics}},
PUBLISHER = {John Wiley \& Sons},
ADDRESS = {New York},
YEAR = {2002}
}

@BOOK { mead_collective,
AUTHOR = {C.~A. Mead},
TITLE = {{Collective Electrodynamics - Quantum Foundation of Electromagnetism}},
PUBLISHER = {The MIT Press},
ADDRESS = {Cambridge, Massachusetts},
YEAR = 2000
}

@BOOK { born_principles,
AUTHOR = {M. Born and E. Wolf},
TITLE = {{Principles of Optics: Electromagnetic Theory of Propagation, Interference and Diffraction of Light}},
EDITION = {7th},
PUBLISHER = {Cambridge University Press},
ADDRESS = {Cambridge, UK},
YEAR = 2002
}







@ARTICLE { stern_semivectorial,
AUTHOR = {M.~S. Stern},
TITLE = {{Semivectorial Polarised Finite Difference Method for Optical Waveguides with Arbitrary Index Profiles}},
JOURNAL = {IEE Proceedings in Optoelectronics},
VOLUME = {135},
NUMBER = {1},
YEAR = {1988},
MONTH = {February},
PAGES = {56--63}
}

@ARTICLE { lusse_analysis,
AUTHOR = {P. L\"usse and P. Stuwe and J. Schule and H.-G. Unger},
TITLE = {{Analysis of Vectorial Mode Fields in Optical Waveguides by a New Finite Difference Method}},
JOURNAL = {Journal of Lightwave Technology},
VOLUME = {12},
NUMBER = {3},
YEAR = {1994},
MONTH = {March},
PAGES = {487--494}
}

@ARTICLE { lalanne_effective,
AUTHOR = {P. Lalanne},
TITLE = {{Effective properties and band structures of lamellar subwavelength crystals: Plane-wave method revisited}},
JOURNAL = {Physical Review B},
YEAR = {1998},
VOLUME = {58},
NUMBER = {15},
PAGES = {9801--9807}
}

@ARTICLE { villeneuve_photonic,
AUTHOR = {P.~R. Villeneuve and M. Pich\`e},
TITLE = {{Photonic bandgaps: what is the best numerical representation of periodic structures?}},
JOURNAL = {Journal of Modern Optics},
YEAR = {1994},
VOLUME = {41},
NUMBER = {2},
PAGES = {241--256}
}

@ARTICLE { ho_existence,
AUTHOR = {K.~M. Ho and C.~T. Chan and C.~M. Soukoulis},
TITLE = {{Existence of a Photonic Gap in Periodic Dielectric Structures}},
JOURNAL = {Physical Review Letters},
YEAR = {1990},
VOLUME = {65},
NUMBER = {25},
PAGES = {3152--3155}
}

@ARTICLE { johnson_block,
AUTHOR = {S.~G. Johnson and J.~D. Joannopoulos},
TITLE = {{Block-iterative frequency-domain methods for Maxwell's equations in a planewave basis}},
JOURNAL = {Optics Express},
YEAR = {2001},
VOLUME = {8},
NUMBER = {3},
PAGES = {173--190},
URL = {\url{http://www.opticsexpress.org/abstract.cfm?URI=OPEX-8-3-173}}
}

@ARTICLE { cangellaris_analysis,
AUTHOR = {A.~C. Cangellaris and D.~B. Wright},
TITLE = {{Analysis of the Numerical Error Caused by the Stair-Stepped Approximation of a Conducting Boundary in FDTD Simulations of Electromagnetic Phenomena}},
JOURNAL = {IEEE Transaction on Antennas and Propagation},
YEAR = {1991},
VOLUME = {39},
NUMBER = {10},
PAGES = {1518--1525}
}

@ARTICLE { gedney_parallel,
AUTHOR = {S.~D. Gedney and F. Lansing},
TITLE = {{A Parallel Planar Generalized Yee-Algorithm For the Analysis of Microwave Circuit Devices}},
JOURNAL = {International Journal of Numerical Modeling (Electronic Networks, Devices and Fields)},
YEAR = {1995},
VOLUME = {8},
PAGES = {249--264}
}

@ARTICLE { liu_fourier,
AUTHOR = {Yen Liu},
TITLE = {{Fourier Analysis of Numerical Algorithms for the Maxwell Equations}},
JOURNAL = {Journal of Computational Physics},
YEAR = {1996},
VOLUME = {124},
PAGES = {396--416}
}

@ARTICLE { yee_numerical,
AUTHOR = {K.~S. Yee},
TITLE = {{Numerical Solution of Initial Boundary Value Problems Involving Maxwell's equations in Isotropic Media}},
JOURNAL = {IEEE Transaction on Antennas and Propagation},
YEAR = {1966},
MONTH = {March},
VOLUME = {14},
PAGES = {302--307}
}

@ARTICLE { trevisan_geometric,
AUTHOR = {F. Trevisan and L. Kettunen},
TITLE = {{Geometric Interpretation of Discrete Approaches to Solving Magnetostatics}},
JOURNAL = {IEEE Transactions on Magnetics},
YEAR = {2004},
MONTH = {March},
VOLUME = {40}
}

@Comment matrix/tensor notation, matrix properties, non orthogonal grids => coupling w/ neighbourghs => metric tensor
@Comment two ways of symmetrization of the material matrices for coordinate grids
@ARTICLE { schuhmann_nonorthogonal,
TITLE = {{The Nonorthogonal Finite Integration Technique Applied to 2D- and 3D-Eigenvalue Problems}},
AUTHOR = {R. Schuhmann and T. Weiland},
JOURNAL = {IEEE Transactions on Magnetics},
VOLUME = {36},
NUMBER = {4},
YEAR = {2000},
MONTH = {July}
}

@Comment positive definiteness of material matrices
@Comment it proposes a new way of interpolating the material matrices using whitney forms but different from the usual "FE way"
@Comment star dual grid, symmetry point at 1:4 between G and O, generalized eigenvalue problem
@ARTICLE { schuhmann_whitney,
AUTHOR = {R. Schuhmann and P. Schmidt and T. Weiland},
TITLE = {{A New Whitney-Based Material Operator for the Finite-Integration Technique on Triangular Grids}},
JOURNAL = {IEEE Transactions on Magnetics},
VOLUME = {38},
NUMBER = {2},
YEAR = {2002},
MONTH = {March},
PAGES = {409--412}
}

@Comment nice tensor notation, metric tensors and (co)variant vectors associated to physical quantities
@Comment stability analysis, material matrices symmetric and positive definite
@Comment two schemes to ensure the symmetry of the matrices on non orthogonal grids
@ARTICLE { schuhmann_stability,
AUTHOR = {R. Schuhmann and T. Weiland},
TITLE = {{Stability of the FDTD Algorithm on Nonhorthogonal Grids Related to the Spatial Interpolation Scheme}},
JOURNAL = {IEEE Transactions on Magnetics},
VOLUME = {34},
YEAR = {1998},
MONTH = {September},
PAGES = {2751--2754}
}

@ARTICLE { bossavit_edge,
AUTHOR = {A. Bossavit and I. Mayergoyz},
TITLE = {{Edge-elements for scattering problems}},
JOURNAL = {IEEE Transactions on Magnetics},
VOLUME = {25},
YEAR = {1989},
MONTH = {July},
PAGES = {2816--2821}
}

@ARTICLE { lee_whitney,
AUTHOR = {Jin-Fa Lee and Z. Sacks},
TITLE = {{Whitney Elements Time Domain (WETD) Methods}},
JOURNAL = {IEEE Transactions on Magnetics},
VOLUME = {31},
NUMBER = {3},
YEAR = {1995},
MONTH = {May},
PAGES = {1325--1329}
}

@ARTICLE { webb_edge,
AUTHOR = {J.~P. Webb},
TITLE = {{Edge Elements and What They can do for You}},
JOURNAL = {IEEE Transactions on Magnetics},
VOLUME = {29},
NUMBER = {2},
YEAR = {1993},
MONTH = {March},
PAGES = {1460--1465}
}

@ARTICLE { bossavit_how,
AUTHOR = {A. Bossavit},
TITLE = {{How weak is the "Weak Solution" in Finite Element Methods?}},
JOURNAL = {IEEE Transactions on Magnetics},
VOLUME = {34},
NUMBER = {5},
YEAR = {1998},
MONTH = {September},
PAGES = {2429--2432}
}

@ARTICLE { lee_time_domain,
AUTHOR = {Jin-Fa Lee and R. Lee and A. Cangellaris},
TITLE = {{Time-Domain Finite-Element Methods}},
JOURNAL = {IEEE Transactions on Antennas and Propagation},
VOLUME = {45},
NUMBER = {3},
YEAR = {1997},
MONTH = {March},
PAGES = {430--442}
}

@ARTICLE { sun_construction,
AUTHOR = {Din-Kow Sun and Jin-Fa Lee and Z. Cendes},
TITLE = {{Construction of nearly orthogonal Nedelec bases for rapid convergence with multilevel preconditioned solvers}},
JOURNAL = {SIAM Journal of Scientific Computing},
VOLUME = {23},
NUMBER = {4},
YEAR = {2001},
MONTH = {October},
PAGES = {1053--1076}
}

@ARTICLE { webb_hierarchal,
AUTHOR = {J.~P. Webb},
TITLE = {{Hierarchal Vector Basis Functions of Arbitrary Order for Triangular and Tetrahedral Finite Elements}},
JOURNAL = {IEEE Transactions on Antennas and Propagation},
VOLUME = {47},
NUMBER = {8},
YEAR = {1999},
MONTH = {August},
PAGES = {1244--1253}
}

@ARTICLE { bossavit_yee,
AUTHOR = {A. Bossavit and L. Kettunen},
TITLE = {{Yee-like Schemes on Staggered Cellular Grids: A Synthesis Between FIT and FEM Approaches}},
JOURNAL = {IEEE Transactions on Magnetics},
VOLUME = {36},
NUMBER = {4},
YEAR = {2000},
MONTH = {July},
PAGES = {861--867}
}

@ARTICLE { amestoy_approximate,
AUTHOR = {P.~R. Amestoy and T.~A. Davis and I.~S. Duff},
TITLE = {{An approximate minimum degree ordering algorithm}},
JOURNAL = {SIAM Journal of Matrix Analysis and Applications},
VOLUME = {17},
NUMBER = {4},
YEAR = {1996},
PAGES = {886--905}
}

@Comment Bible of QMR: designed for non-hermitian matrices; GMRES-without restart would do, but too slow and too much storage... 
@Comment with restart it would be too slow...
@ARTICLE { freund_qmr,
TITLE = {{QMR: a Quasi-Minimal Residual Method for Non-Hermitian Linear Systems}},
AUTHOR = {R.~W. Freund and N.~M. Nachtigal},
JOURNAL = {Numerische Mathematik},
VOLUME = {60},
PAGES = {315--339},
YEAR = {1991}
}

@ARTICLE { freund_implementation,
TITLE = {{An implementation of the QMR method based on coupled-two term recurrences}},
AUTHOR = {R.~W. Freund and N.~M. Nachtigal},
JOURNAL = {SIAM Journal of Scientific Computing},
VOLUME = {15},
PAGES = {313--337},
YEAR = {1994}
}

@Comment pag. 35: complex Helmholtz equation leads to complex symmetric matrices, best solved with QMR
@ARTICLE { freund_iterative,
TITLE = {{Iterative Solution of Linear Systems}},
AUTHOR = {R.~W. Freund and G.~H. Golub},
JOURNAL = {Acta Numerica},
VOLUME = {1},
PAGES = {57--100},
YEAR = {1992}
}

@Comment Non-hermitian because of PMLs, and very indefinite
@ARTICLE { kilmer_qmr,
TITLE = {{QMR-based Projection Techniques for the Solution of Non-Hermitian Systems with Multiple Right Hand Sides}},
AUTHOR = {M. Kilmer and E. Miller and C. Rappaport},
JOURNAL = {SIAM Journal of Scientific Computing},
YEAR = 2001
}

@Comment condition numbers of matrices from FEM goes as O(h^-2) and #it goes as O(h^-1) with h = mesh size
@Comment reordering improves the convergence of Krylov methods
@Comment right and left precond give different performances for non symmetric matrices
@ARTICLE { benzi_survey,
TITLE = {{Preconditioning Techniques for Large Linear Systems: A Survery}},
AUTHOR = {M. Benzi},
JOURNAL = {Journal of Computational Physics},
VOLUME = {182},
PAGES = {418--477},
YEAR = {2002}
}

@Comment on material matrices being symmetric and positive definite
@Comment it proposes the "FE way of interpolation"
@ARTICLE {codecasa_baricentric,
AUTHOR = {L. Codecasa and V. Minerva and M. Politi},
TITLE = {{Use of Baricentric Dual Grids for the Solution of Frequency Domain Problems by FIT}},
JOURNAL = {IEEE Transactions on Magnetics},
VOLUME = {40},
NUMBER = {2},
YEAR = {2004},
MONTH = {March},
PAGES = {1414--1419}
}

@Comment FDFD iterative solution with SSOR and preordering, SSOR matrix form, new precond using divB = 0 and divD = 0
@ARTICLE { hebermehl_improved,
TITLE = {{Improved Numerical Solutions for the Simulation of Microwave Circuits}},
AUTHOR = {G. Hebermehl and R. Schlundt and H. Zscheile and W. Heinrich},
JOURNAL = {WIAS Preprint},
VOLUME = {309},
YEAR = {1997},
MONTH = {January},
NOTE = {\url{http://www.wias-berlin.de/publications/preprints/309/}}
}

@ARTICLE { ayre_experimental,
TITLE = {{Experimental verification of numerically optimized photonics crystal injector, Y-splitter, and bend}},
AUTHOR = {M. Ayre and T.~J. Lijun~Wu and T. Davies and T.~F. Krauss},
JOURNAL = {IEEE Journal on Selected Areas in Communications},
VOLUME = {23},
NUMBER = {7},
YEAR = {2005},
MONTH = {July},
PAGES = {1390--1395}
}

@ARTICLE { veselago_electrodynamics,
TITLE = {{The electrodynamics of substances with simultaneously negative values of $\epsilon$ and $\mu$.}},
AUTHOR = {V.~G. Veselago},
JOURNAL = {Soviet Physics - Uspekhi},
VOLUME = {10},
YEAR = {1968},
PAGES = {509--514}
}

@ARTICLE { pendry_extremely,
TITLE = {{Extremely Low Frequency Plasmons in Metallic Mesostructures}},
AUTHOR = {J.~B. Pendry},
JOURNAL = {Physical Review Letters},
VOLUME = {76},
YEAR = {1996},
MONTH = {June},
PAGES = {4773--4776}
}

@ARTICLE { pendry_negative,
TITLE = {{Negative Refraction Makes a Perfect Lens}},
AUTHOR = {J.~B. Pendry},
JOURNAL = {Physical Review Letters},
VOLUME = {85},
YEAR = {2000},
MONTH = {October},
PAGES = {3966-3969}
}

@ARTICLE { smith_composite,
TITLE = {{Composite Medium with Simultaneously Negative Permettivity and Permeability}},
AUTHOR = {D.~R. Smith and W.~J. Padilla and D.~C. Vier and S.~C. Nemat-Nasser and S. Schultz},
JOURNAL = {Physical Review Letters},
VOLUME = {84},
YEAR = {2000},
MONTH = {May},
PAGES = {4184}
}

@ARTICLE { foteinopoulou_refraction,
TITLE = {{Refraction in Media with a Negative Refractive Index}},
AUTHOR = {S. Foteinopoulou and E.~N. Economou and C.~M. Soukoulis},
JOURNAL = {Physical Review Letters},
VOLUME = {90},
NUMBER = {10},
YEAR = {2003},
MONTH = {March}
}

@ARTICLE { bolla_energy,
AUTHOR = {L. Bolla and M. Midrio and C.~G. Someda},
TITLE = {{Energy flow in negative index materials}},
JOURNAL = {Chinese Optics Letters},
VOLUME = {2},
NUMBER = {7},
YEAR = {2004},
MONTH = {July},
PAGES = {428--430}
}

@ARTICLE { lohmeyer_wmm,
AUTHOR = {M. Lohmeyer},
TITLE = {{Wave-matching-method for mode analysis of dielectric waveguides}},
JOURNAL = {Optical and Quantum Electronics},
VOLUME = {29},
NUMBER = {9},
YEAR = {1997},
PAGES = {907--922}
}

@ARTICLE { watts_integrated,
AUTHOR = {M.~R. Watts and H.~A. Haus},
TITLE = {{Integrated mode-evolution-based polarization rotators}},
JOURNAL = {Optics Letters},
VOLUME = {30},
NUMBER = {2},
YEAR = {2005},
MONTH = {January},
PAGES = {138--140}
}

@ARTICLE { madsen_optical,
AUTHOR = {C.~K. Madsen},
TITLE = {{Optical all-pass filters for polarization mode dispersion compensation}},
JOURNAL = {Optics Letters},
VOLUME = {25},
NUMBER = {12},
YEAR = {2000},
MONTH = {June},
PAGES = {878--880}
}

@ARTICLE { exp_pirelli,
AUTHOR = {H.~A. Haus and L.~C. Kimerling and M. Romagnoli},
TITLE = {{Application of high index contrast technology to integrated optical devices}},
JOURNAL = {EXP},
VOLUME = {3},
NUMBER = {4},
YEAR = {2003},
MONTH = {December},
NOTE = {\url{http://exp.telecomitalialab.com}}
}


@ARTICLE { kotlyar_compact,
AUTHOR = {M.~V. Kotlyar and L. Bolla and M. Midrio and L. O'Faolain and T.~F. Krauss},
TITLE = {{Compact polarization converter in InP-based material}},
JOURNAL = {Optics Express},
VOLUME = {13},
NUMBER = {13},
YEAR = {2005},
MONTH = {June},
PAGES = {5040--5045}
}

@ARTICLE { kiyat_compact,
AUTHOR = {I. Kiyat and A. Aydinli and N. Dagli},
TITLE = {{A compact silicon-on-insulator polarization splitter}},
JOURNAL = {IEEE Photonic Technology Letters},
VOLUME = {17},
YEAR = {2005},
PAGES = {100--102}
}

@ARTICLE { taillaert_compact,
AUTHOR = {D. Taillaert and H. Chong and P.~I. Borel and L.~H. Frandsen and R.~M. De La Rue and R. Baetz},
TITLE = {{A compact two dimensional grating coupler used as a polarization splitter}},
JOURNAL = {IEEE Photonic Technology Letters},
VOLUME = {15},
YEAR = {2003},
PAGES = {1249--1251}
}

@ARTICLE { wu_planar,
AUTHOR = {L. Wu and M. Mazilu and J.-F. Gallet and T.~F. Krauss and A. Jugessur and R.~M. De La Rue},
TITLE = {{Planar photonic crystal polarization splitter}},
JOURNAL = {Optics Letters},
VOLUME = {29},
YEAR = {2004},
PAGES = {1260--1262}
}

@ARTICLE { elrefaei_optimized,
AUTHOR = {H. El-Refaei and D. Yevick},
TITLE = {{An Optimized InGaAsP/InP Polarization Converter Employing Asymmetric Rib Waveguides}},
JOURNAL = {Journal of Lightwave Technology},
VOLUME = {21},
NUMBER = {6},
YEAR = {2003},
MONTH = {July},
PAGES = {1544--1548}
}

@ARTICLE { elrefaei_slanted,
AUTHOR = {H. El-Refaei and D. Yevick and T. Jones},
TITLE = {{Slanted Rib Waveguide InGaAsP-InP Polarization Converters}},
JOURNAL = {Journal of Lightwave Technology},
VOLUME = {22},
NUMBER = {5},
YEAR = {2004},
MONTH = {May},
PAGES = {1352--1357}
}

@Comment demonstration that four mirrors are needed to have _collinear_ polarization rotator
@ARTICLE { smith_four_mirrors,
AUTHOR = {L.~L. Smith and P.~M. Koch},
TITLE = {{Use of Four Mirrors to Rotate Linear Polarization but Preserve Input-Output Collinearity}},
JOURNAL = {Journal of Optical Society America A},
VOLUME = {13},
NUMBER = {10},
YEAR = {1996},
MONTH = {October},
PAGES = {2102--2105}
}

@Comment optimization for the trapezoidal section, building constrains
@ARTICLE { correia_genetic,
AUTHOR = {D. Correia and J.~P. da Silva and H.~E. Hern\'andez-Figueroa},
TITLE = {{Genetic Algorithm and Finite-Element Design of Short Single-Section Passive Polarization Converter}},
JOURNAL = {IEEE Photonics Technology Letters},
VOLUME = {15},
NUMBER = {7},
YEAR = {2003},
MONTH = {July},
PAGES = {915--917}
}

@ARTICLE { huang_realization,
AUTHOR = {J.~Z. Huang and R. Scarmozzino and G. Nagy and M.~J. Steel and R.~M. Osgood},
TITLE = {{Realization of a compact and single-mode optical passive polarization converter}},
JOURNAL = {IEEE Photonics Technology Letters},
VOLUME = {12},
NUMBER = {3},
YEAR = {2000},
PAGES = {317}
}

@ARTICLE { tzolov_passive,
AUTHOR = {V.~P. Tzolov and M. Fontaine},
TITLE = {{A passive polarization converter free of longitudinally-periodic structure}},
JOURNAL = {Optics Communications},
VOLUME = {127},
NUMBER = {7},
YEAR = {1996}
}

@ARTICLE { lui_polarization,
AUTHOR = {W.~W. Lui and T. Hirono and K. Yokayama and W.~P. Huang},
TITLE = {{Polarization rotation in semiconductor bending waveguides: a coupled-mode theory formulation}},
JOURNAL = {Journal of Lightwave Technology},
VOLUME = {16},
PAGES = {929},
YEAR = {1998}
}

@ARTICLE { solc_birefringent,
AUTHOR = {I. Solc},
TITLE = {{The birefringent filter}},
JOURNAL = {Journal of Optical Society of America},
VOLUME = {55},
PAGES = {621--625},
YEAR = {1965}
}

@ARTICLE { floquet_sur,
AUTHOR = {G. Floquet},
TITLE = {{Sur les \'equations diff\'erentielles lin\'earies \`a coefficients p\'eriodiques}},
JOURNAL = {Annales Scientifiques de l'\'Ecole Normale Sup\'erieure},
YEAR = {1883},
VOLUME = {12},
PAGES = {47--88},
NOTES = {\url{http://www.numdam.org/}}
}

@ARTICLE { cavendish_complementary,
AUTHOR = {J.~C. Cavendish and C.~A. Hall and T.~A. Porsching},
TITLE = {{A complementary volume approach for modelling three-dimensional Navier-Stokes equations using dual Delaunay/Vorono\"i tessellations}},
JOURNAL = {Journal of Numerical Methods Heat Fluid Flow},
YEAR = {1994},
VOLUME = {4},
PAGES = {329--345}
}

@ARTICLE { tayeb_rigorous,
AUTHOR = {G. Tayeb and D. Maystre},
TITLE = {{Rigorous theoretical study of finite-size two-dimensional photonic crystals doped by microcavities}},
JOURNAL = {Journal of Optical Society America A},
YEAR = {1997},
VOLUME = {14},
PAGES = {3323--3332}
}

@ARTICLE { wu_superprism,
AUTHOR = {L. Wu and M. Mazilu and T. Karle and T.~F. Krauss},
TITLE = {{Superprism Phenomena in Planar Photonic Crystals}},
JOURNAL = {IEEE Journal of Quantum Electronics},
YEAR = {2002},
VOLUME = {38},
PAGES = {915--918}
}

@ARTICLE { lavrinenko_comprehensive,
AUTHOR = {A. Lavrinenko and P.~I. Borel and L.~H. Frandsen and M. Thorhauge and A. Harpoth and M. Kristensen and T. Niemi},
TITLE = {{Comprehensive FDTD modelling of photonic crystal waveguide components}},
JOURNAL = {Optics Express},
YEAR = {2004},
VOLUME = {234},
NUMBER = {2}
}

@ARTICLE { yablonovitch_photonic,
AUTHOR = {E. Yablonovitch},
TITLE = {{Photonic band-gap structures}},
JOURNAL = {Journal of Optical Society America B},
YEAR = {1993},
VOLUME = {10},
NUMBER = {3},
PAGE = {283}
}

@ARTICLE { chan_order_n,
AUTHOR = {C.~T. Chan and Q.~L. Yu and K.~M. Ho},
TITLE = {{Order-N spectral method for electromagnetic waves}},
JOURNAL = {Physical Review B},
YEAR = {1995},
VOLUME = {51},
NUMBER = {23},
PAGE = {16635}
}






@INPROCEEDINGS { maxwell_mathematical,
AUTHOR = {J.~C. Maxwell},
TITLE = {{On the Mathematical Classification of Physical Quantities}},
BOOKTITLE = {Proceedings of the London Mathematical Society},
VOLUME = {3},
YEAR = {1871},
PAGES = {224--232},
NOTE = {\url{http://www.dic.units.it/perspage/discretephysics/papers/RELATED/MaxwellRemarks.pdf}}
}

@INPROCEEDINGS { teixeira_geometric,
AUTHOR = {F.~L. Teixeira},
TITLE = {{Geometric Aspects of the Simplicial Discretization of Maxwell's Equations}},
BOOKTITLE = {Progress in Electromagnetic Research -- PIER 32},
VOLUME = {8},
YEAR = {2001},
PAGES = {171--188}
}

@INPROCEEDINGS { marrone_computational,
AUTHOR = {M. Marrone},
TITLE = {{Computational Aspects of Cell Method in Electrodynamics}},
BOOKTITLE = {Progress in Electromagnetic Research -- PIERS},
YEAR = {2000}
}

@INPROCEEDINGS { rienen_frequency,
AUTHOR = {U. van\~Rienen},
TITLE = {{Frequency domain analysis of waveguides and resonantors with FIT on non-orthogonal triangular grids}},
BOOKTITLE = {Progress in Electromagnetic Research -- PIER 32},
YEAR = {2001},
PAGES = {357--381}
}

@INPROCEEDINGS { cai_ultra,
AUTHOR = {J. Cai and J. Jiang and G.~P. Nordin},
TITLE = {{Ultra-short waveguide polarization converter using a sub-wavelenght grating}},
BOOKTITLE = {Integrated Photonics Research Topical Meetings},
YEAR = {2004},
NOTE = {presentation IFG2}
}

@INPROCEEDINGS { bolla_piers,
AUTHOR = {L. Bolla and T. Felici},
TITLE = {{A New Discretisazion Scheme for Frequency Domain Electromagnetics}},
BOOKTITLE = {Progress in electromagnetics research symposium (PIERS 2004 Proceedings)},
MONTH = {March},
YEAR = {2004},
ADDRESS = {Pisa}
}






@MISC { openmp,
KEY = {OpenMP},
TITLE = {{OpenMP website}},
NOTE = {\url{http://www.openmp.org}}
}

@MISC { numerical_recipies,
KEY = {Numerical Recipies},
TITLE = {{Numerical Recipies website}},
NOTE = {\url{http://www.nr.com}}
}

@MISC { mathworld,
KEY = {MathWorld},
TITLE = {{MathWorld website}},
NOTE = {\url{http://mathworld.wolfram.com}}
}

@MISC { umfpack,
KEY = {UMFPACK},
TITLE = {{UMFPACK website}},
NOTE = {\url{http://www.cise.ufl.edu/research/sparse/umfpack}}
}

@MISC { wikipedia,
KEY = {Wikipedia},
TITLE = {{Wikipedia website}},
NOTE = {\url{http://www.wikipedia.org}}
}

@MISC { nag,
KEY = {NAG},
TITLE = {{NAG website}},
NOTE = {\url{http://www.nag.com}}
}

@MISC { shewchuk_cg,
AUTHOR = {J.~R. Shewchuk},
TITLE = {{An Introduction to the Conjugate Gradient Method Without the Agonizing Pain}},
EDITION = {1 1/4},
ADDRESS = {Pittsburg, PA},
YEAR = {1994},
NOTE = {\url{http://www-2.cs.cmu.edu/~jrs/jrspapers.html\#cg}}
}

@MISC { petsc,
AUTHOR = {B. Smith and S. Balay and M. Knepley and H. Zhang and V. Eijkhout},
TITLE = {{PETSc: Portable Extensible Toolkit for Scientific Computation}},
NOTE = {\url{http://www-unix.mcs.anl.gov/petsc/petsc-2/index.html}}
}

@MISC { triangle,
AUTHOR = {J.~R. Shewchuk},
TITLE = {{Triangle website}},
NOTE = {\url{http://www.cs.cmu.edu/~quake/triangle.html}}
}

@MISC { photond,
KEY = {{Photon Design}},
TITLE = {{Photon Design website}},
NOTE = {\url{www.photond.com}}
}

@MISC { fimmwave,
KEY = {{FIMMWAVE}},
TITLE = {{Photon Design's FIMMWAVE website}},
NOTE = {\url{www.photond.com/products/fimmwave.htm}}
}

@MISC { fimmprop,
KEY = {{FIMMPROP}},
TITLE = {{Photon Design's FIMMPROP website}},
NOTE = {\url{www.photond.com/products/fimmprop.htm}}
}

@MISC { crystalwave,
KEY = {CrystalWave},
TITLE = {{Photon Design's CrystalWave website}},
NOTE = {\url{www.photond.com/products/crystalwave.htm}}
}

@MISC { omnisim-fd,
KEY = {{Omnisim}},
TITLE = {{Photon Design's Omnisim-FD website}},
NOTE = {\url{www.photond.com/products/omnisim/omnisim4.htm}}
}

@MISC { kallistos,
KEY = {{Kallistos}},
TITLE = {{Lambda-tek's Kallistos website}},
NOTE = {\url{www.lambda-tek.com/software_products.htm}}
}

@MISC { mpb,
KEY = {{MPB}},
TITLE = {{MIT's MPB website}},
NOTE = {\url{http://ab-initio.mit.edu/mpb}}
}

@MISC { plabs,
AUTHOR = {{Pirelli Labs Optical Innovation design team}},
NOTE = {private communication}
}

@MISC {meshing_software,
AUTHOR = {Mesh Generation Software website},
NOTE = {\url{http://www-users.informatik.rwth-aachen.de/~roberts/software.html}}
}





@TECHREPORT { tonti_formulazione,
AUTHOR = {E. Tonti},
TITLE = {{Formulazione finita dell'elettromagnetismo partendo dai fatti sperimentali}},
INSTITUTION = {Scuola Nazionale Dottorandi di Elettronica},
YEAR = {2000},
MONTH = {Giugno},
ADDRESS = {Palazzo Antonini, Universit\`a degli Studi di Udine}
}

@TECHREPORT { bolla_funfox_losanna,
AUTHOR = {L. Bolla},
TITLE = {{Polarization Rotators}},
INSTITUTION = {FUNFOX Project},
MONTH = {January},
YEAR = {2005}
}

